@book{kusse,
title={Mathematical physics: applied mathematics for scientists and engineers},
author={Kusse, Bruce R and Westwig, Erik A},
year={2010},
publisher={John Wiley \& Sons}
}
@book{griffiths,
title={Introduction to electrodynamics},
author={Griffiths, David J},
year={2013},
publisher={Pearson}
}
@online{napolitano,
title={Vectors and Covectors in Special Relativity},
author={Napolitano, Jim},
year={2010}
}
@online{mathworld,
url={http://mathworld.wolfram.com},
}
